<?xml version="1.0" encoding="UTF-8"?><record xmlns="http://www.loc.gov/MARC21/slim" xmlns:cinclude="http://apache.org/cocoon/include/1.0" xmlns:zs="http://www.loc.gov/zing/srw/">
  <leader>00497nz  a2200145n  4500</leader>
  <controlfield tag="001">ns2013000057</controlfield>
  <controlfield tag="003">DLC</controlfield>
  <controlfield tag="005">20130111080906.0</controlfield>
  <controlfield tag="008">130109n| acannaabn          |a aaa     c</controlfield>
  <datafield tag="010" ind1=" " ind2=" ">
    <subfield code="a">ns2013000057</subfield>
  </datafield>
  <datafield tag="035" ind1=" " ind2=" ">
    <subfield code="a">(CaEvSKY)skya10096717</subfield>
  </datafield>
  <datafield tag="040" ind1=" " ind2=" ">
    <subfield code="a">MX-SlUA</subfield>
    <subfield code="b">eng</subfield>
    <subfield code="c">MX-SlUA</subfield>
  </datafield>
  <datafield tag="100" ind1="1" ind2=" ">
    <subfield code="a">Poblano Salas, Carlos Agustín</subfield>
  </datafield>
  <datafield tag="400" ind1="1" ind2=" ">
    <subfield code="a">Salas, Carlos Agustín Poblano</subfield>
  </datafield>
  <datafield tag="670" ind1=" " ind2=" ">
    <subfield code="a">Sistemas de protección contra la corrosión en puentes investigaciones recientes, 2000:</subfield>
    <subfield code="b">p. i. (Carlos Agustín Poblano Salas)</subfield>
  </datafield>
</record>